<?xml version="1.0" encoding="UTF-8"?><record xmlns="http://www.loc.gov/MARC21/slim" xmlns:cinclude="http://apache.org/cocoon/include/1.0" xmlns:zs="http://www.loc.gov/zing/srw/">
  <leader>00333nz  a2200121n  4500</leader>
  <controlfield tag="001">n  92077203 </controlfield>
  <controlfield tag="003">DLC</controlfield>
  <controlfield tag="005">19920730175743.6</controlfield>
  <controlfield tag="008">920730n| acannaab|          |n aaa |||  </controlfield>
  <datafield tag="010" ind1=" " ind2=" ">
    <subfield code="a">n  92077203 </subfield>
  </datafield>
  <datafield tag="040" ind1=" " ind2=" ">
    <subfield code="a">DLC</subfield>
    <subfield code="c">DLC</subfield>
  </datafield>
  <datafield tag="100" ind1="1" ind2="0">
    <subfield code="a">Arragon, Louis</subfield>
  </datafield>
  <datafield tag="670" ind1=" " ind2=" ">
    <subfield code="a">Cyril, Saint, Patr. of Alex. Lettres festales, 1991- :</subfield>
    <subfield code="b">v. 1, t.p. (Louis Arragon)</subfield>
  </datafield>
</record>